@article{AbedonHymanThomas2003,
  author = "Abedon, S. T. and Hyman, P. and Thomas, C.",
  year = "2003",
  title = "Experimental examination of bacteriophage latent-period evolution as a response to bacterial availability",
  journal = "Applied and Environmental Microbiology",
  volume = "69",
  pages = "7499-7506"
}
 
@incollection{Abedon1994,
  author = "Abedon, S. T.",
  title = "Lysis and the interaction between free phages and infected cells",
  pages = "397-405",
  booktitle = "Molecular biology of bacteriophage T4",
  editor = "Karam, Jim D. Karam and Drake, John W. and Kreuzer, Kenneth N. and Mosig, Gisela
            and Hall, Dwight and Eiserling, Frederick A. and Black, Lindsay W. and Kutter, Elizabeth
            and Carlson, Karin and Miller, Eric S. and Spicer, Eleanor",
  publisher = "ASM Press, Washington DC",
  year = "1994"
}
@inproceedings{pawar2013computing,
  title={Computing a k-sparse n-length Discrete Fourier Transform using at most 4k samples and O (k log k) complexity},
  author={Pawar, Sameer and Ramchandran, Kannan},
  booktitle={Information Theory Proceedings (ISIT), 2013 IEEE International Symposium on},
  pages={464--468},
  year={2013},
  organization={IEEE}
}
@book{blahut1985fast,
  title={Fast algorithms for digital signal processing},
  author={Blahut, Richard E},
  year={1985},
  publisher={Addison-Wesley Longman Publishing Co., Inc.}
}
@article{kay1989fast,
  title={A fast and accurate single frequency estimator},
  author={Kay, Steven},
  journal={Acoustics, Speech and Signal Processing, IEEE Transactions on},
  volume={37},
  number={12},
  pages={1987--1990},
  year={1989},
  publisher={IEEE}
}
@inproceedings{pawar2012hybrid,
  title={A hybrid dft-ldpc framework for fast, efficient and robust compressive sensing},
  author={Pawar, Sameer and Ramchandran, Kannan},
  booktitle={Communication, Control, and Computing (Allerton), 2012 50th Annual Allerton Conference on},
  pages={1943--1950},
  year={2012},
  organization={IEEE}
}
@misc{unordered_map,
  title = {{unordered\_map - C++ Reference.}},
  author = {Retrieved from C++.com},
  howpublished = {\url{http://www.cplusplus.com/reference/unordered_map/unordered_map/}},
  note = {Accessed: 2010-09-30}
}
@misc{sFFT,
  title = {{sFFT: Sparse Fast Fourier Transform}},
  author = {Dina Katabi, Piotr Indyk, Haitham Hassanieh, & Eric Price.},
  howpublished = {\url{http://groups.csail.mit.edu/netmit/sFFT/}},
  note = {Accessed: 2010-09-30}
}
@misc{cvscpp,
  title = {{C versus C++}},
  author = {Ã˜stergaard, J.},
  howpublished = {\url{http://unthought.net/c++/c_vs_c++.html}},
  note = {Accessed: 2004, February}
}
@misc{laravel,
  title = {{Welcome! - Laravel PHP.}},
  author = {Taylor Otwell.},
  howpublished = {\url{http://laravel.com/}},
  note = {Accessed: 2013}
}
@inproceedings{frigo1998fftw,
  title={FFTW: An adaptive software architecture for the FFT},
  author={Frigo, Matteo and Johnson, Steven G},
  booktitle={Acoustics, Speech and Signal Processing, 1998. Proceedings of the 1998 IEEE International Conference on},
  volume={3},
  pages={1381--1384},
  year={1998},
  organization={IEEE}
}
@article{cooley1965algorithm,
  title={An algorithm for the machine calculation of complex Fourier series},
  author={Cooley, James W and Tukey, John W},
  journal={Math. comput},
  volume={19},
  number={90},
  pages={297--301},
  year={1965}
}
@article{frigo2005design,
  title={The design and implementation of FFTW3},
  author={Frigo, Matteo and Johnson, Steven G},
  journal={Proceedings of the IEEE},
  volume={93},
  number={2},
  pages={216--231},
  year={2005},
  publisher={IEEE}
}
@article{rader1968discrete,
  title={Discrete Fourier transforms when the number of data samples is prime},
  author={Rader, Charles M},
  journal={Proceedings of the IEEE},
  volume={56},
  number={6},
  pages={1107--1108},
  year={1968},
  publisher={IEEE}
}
@article{gallager1962low,
  title={Low-density parity-check codes},
  author={Gallager, Robert G},
  journal={Information Theory, IRE Transactions on},
  volume={8},
  number={1},
  pages={21--28},
  year={1962},
  publisher={IEEE}
}
@article{byers1998digital,
  title={A digital fountain approach to reliable distribution of bulk data},
  author={Byers, John W and Luby, Michael and Mitzenmacher, Michael and Rege, Ashutosh},
  journal={ACM SIGCOMM Computer Communication Review},
  volume={28},
  number={4},
  pages={56--67},
  year={1998},
  publisher={ACM}
}
@article{luby2002digital,
  title={Digital Fountain, Inc. luby@ digitalfountain. com},
  author={Luby, Michael},
  year={2002}
}
@inproceedings{luby2002verification,
  title={Verification codes: simple low-density parity-check codes for large alphabets},
  author={Luby, Michael and Mitzenmacher, Michael},
  booktitle={Proc. 40th Annu. Allerton Conf. Communication, Control, and Computing},
  pages={38--47},
  year={2002},
  organization={Citeseer}
}
